@article{Krhovjak,
  title={The sources of randomness in mobile devices},
  author={Krhovj{\'a}k, Jan and Matyas, V and Svenda, P},
  journal={In Proceeding of NORDSEC},
  pages={73--84},
  year={2007}
}

@article{ron_was_wrong,
  title={Ron was wrong, Whit is right},
  author={Lenstra, Arjen K and Hughes, James P and Augier, Maxime and Bos, Joppe W and Kleinjung, Thorsten and Wachter, Christophe},
  journal={IACR eprint archive},
  volume={64},
  year={2012}
}

@article{chip_and_skim,
  title={Chip and Skim: cloning EMV cards with the pre-play attack},
  author={Bond, Mike and Choudary, Omar and Murdoch, Steven J and Skorobogatov, Sergei and Anderson, Ross},
  journal={arXiv preprint arXiv:1209.2531},
  year={2012}
}

