@article{wu2008jh,
  title={The Hash Function JH},
  author={Wu, Hongjun},
  journal={Submission to NIST},
  year={2008}
}
